@book{mac71,
  author = {S. MacLane},
  title = {Categories for the Working Mathematician},
  year = {1971},
  publisher = {Springer-Verlag}}

@article{bfss90,
  author = {E. S. Bainbridge and P. J. Freyd and A. Scedrov and P. J. Scott},
  title = {Functorial Polymorphism},
  journal = {Theoretical Computer Science},
  volume = {70},
  year = {1990},
  pages = {35-64}}

@inproceedings{jp19,
  author = {P. Johann and A. Polonsky},
  title = {Higher-kinded Data Types: Syntax and Semantics},
  year = {2019},
  booktitle = {Logic in Computer Science},
  pages = {1-13},
  url       = {https://doi.org/10.1109/LICS.2019.8785657},
  doi       = {10.1109/LICS.2019.8785657}
}

@phdthesis{gir72,
   author = {J.-Y. Girard},
   title = {Interpr\'etation fonctionnelle et \'elimination des coupures de l'arithm√©tique d'ordre sup\'erieur},
   school = {University of Paris},
   year = {1972}
}   

@article{rey83,
  author = {J. C. Reynolds},
  title = {Types, abstraction, and parametric polymorphism},
  journal = {Information Processing},
  volume = {83(1)},
  pages = {513-523},
  year = {1983}} 

@inproceedings{wad89,
   author = {P.\ Wadler},
   title = {Theorems for free!},
   BOOKTITLE = {Functional Programming Languages and Computer Architecture, Proceedings},  
   PAGES   = {347-359},
   YEAR    = {1989}}

@INPROCEEDINGS{glp93,
AUTHOR  = {A.\ Gill and J.\ Launchbury and S.L.\ {Peyton Jones}},
TITLE   = {A short cut to deforestation},
BOOKTITLE = {Functional Programming Languages and Computer Architecture, Proceedings},
PAGES   = {223-232},
YEAR    = {1993}}

@inproceedings{jgj21,
  author = {P. Johann and E. Ghiorzi and D. Jeffries},
  title = {Free Theorems for Nested Types},
  booktitle = {Foundations of Software Science and Computation Structures},
  year = {2021}}

@ARTICLE{joh03,
AUTHOR = {P.\ Johann},
TITLE  = {Short cut fusion is correct},
JOURNAL = {Journal of Functional Programming},
YEAR   = {2003},
PAGES  = {797-814},
VOLUME = {13}}

@article{joh02,
AUTHOR = {P.\ Johann},
TITLE  = {A Generalization of Short-Cut Fusion and Its Correctness Proof},
journal = {Higher-Order and Symbolic Computation},
YEAR   = {2002},
PAGES  = {273-300},
VOLUME = {15}}

@unpublished{pit98,
  author = {A. Pitts},
  title = {Parametric polymorphism, recursive types, and operational equivalence},
 year = {1998}}

@article{pit00,
  author = {A. Pitts},
  title = {Parametric polymorphism and operational equivalence},
  year = {2000},
  journal = {Mathematical Structures in Computer Science},
  volume = {10},
  pages = {1-39}}
