@article{amu05,
  author = {A. Abel and R. Matthes and T. Uustalu},  
  title = {Iteration and coiteration schemes for higher-order and nested datatypes},  
  journal = {Theoretical Computer Science},
  volume = {333},
  pages = {3-66},
  year= {2005}
  }

@inproceedings{jgj21,
  author = {P. Johann and E. Ghiorzi and D. Jeffries},
  title = {Parametricity for Primitive Nested Types},
  booktitle = {Foundations of Software Science and Computation Structures},
  year = {2021}}
%  pages = {297-308}}

@book{rie16,
  author = {E. Riehl}, 
  title = {Category Theory in Context},
  publisher = {Aurora},
  year = {2016}} 


@article{mat11,
  author = {R. Matthes},
  title = {Map Fusion for Nested Datatypes in Intensional Type Theory},
  journal = {Science of Computer Programming},
  volume = {76(3)},
  pages = {204-224},
  year= {2011}
  }


@incollection{car97,
   author= {L. Cardelli},
   title = {Type Systems},
   booktitle = {CRC Handbook of Computer Science and Engineering},
   pages = {2208-2236},
   publisher = {CRC Press},
   year = {1984}
}

@phdthesis{gir72,
   author = {J.-Y. Girard},
   title = {Interpr\'etation fonctionnelle et \'elimination des coupures de l'arithm√©tique d'ordre sup\'erieur},
   school = {University of Paris},
   year = {1972}
}   


@article{rey84,
  author = {J. C. Reynolds},
  title = {Polymorphism is not set-theoretic},
  year = {1984},
  journal = {Semantics of Data Types},
  pages = {145-156}
}

@inproceedings{jg08,
  author = {P. Johann and N. Ghani},
  title = {Foundations for Structured Programming with GADTs},
  booktitle = {Principles of Programming Languages},
  year = {2008},
  pages = {297-308}}

@article{bp99,
  author = {R. Bird and R. Paterson},
  title = {Generalised folds for nested datatypes},
  journal = {Formal Aspects of Computing},
  volume = {11},
  year = {1999},
  pages = {200-222}}

@article{jg10,
  author = {P. Johann and N. Ghani},
  title = {Haskell Programming with Nested Types: A Principled Approach},
  journal = {Higher-Order and Symbolic Computation},
  volume = {22(2)},
  year = {2010},
  pages = {155-189}}

@article{bfss90,
  author = {E. S. Bainbridge and P. J. Freyd and A. Scedrov and P. J. Scott},
  title = {Functorial Polymorphism},
  journal = {Theoretical Computer Science},
  volume = {70},
  year = {1990},
  pages = {35-64}}

@article{bm05,
  author = {L. Birkedal and R.~E. M{\o}gelberg},
  title = {Categorical models for {A}badi and {P}lotkin's logic for parametricity},
  journal = {Mathematical Structures in Computer Science},
  volume = {15},
  year = {2005},
  pages = {709-772}}
 
@inproceedings{dr04,
  author = {B. Dunphy and U.~Reddy},
  title = {Parametric limits},
  booktitle = {Logic in Computer Science},
  year = {2004},
  pages = {242-251}}

@article{has94,
  author = {R. Hasegawa},
  title = {Categorical data types in parametric polymorphism},
  journal = {Mathematical Structures in Computer Science},
  volume = {4},
  year = {1994},
  pages = {71-109}}

@book{jac99,
  author = {B. Jacobs}, 
  title = {Categorical Logic and Type Theory},
  publisher = {Elsevier},
  year = {1999}} 

@inproceedings{mr92,
  author = {Q. Ma and J.~C. Reynolds},
  title = {Types, abstractions, and parametric polymorphism, part 2},
  booktitle = {Mathematical Foundations of Program Semantics},
  year = {1992},
  pages = {1-40}}

@inproceedings{rr94,
  author = {E. Robinson and G.~Rosolini},
  title = {Reflexive graphs and parametric polymorphism},
  booktitle = {Logic in Computer Science},
  year = {1994},
  pages = {364-371}}

@unpublished{pit98,
  author = {A. Pitts},
  title = {Parametric polymorphism, recursive types, and operational equivalence},
 year = {1998}}

@inproceedings{gjfor15,
  author = {N. Ghani and P. Johann and F. Nordvall Forsberg and F. Orsanigo and T. Revell},
  title = {Bifibrational Functorial Semantics for Parametric Polymorphism},
  year = {2015},
  booktitle = {Mathematical Foundations of Program Semantics},
  pages = {165-181}
}  


@inproceedings{atk12,
  author = {R. Atkey},
  title = {Relational Parametricity for Higher Kinds},
  year = {2012},
  booktitle = {Computer Science Logic},
  pages = {46-61}
}  

@book{ar94,
   author = {J. Ad\'{a}mek and J. Rosick\'{y}},
   title = {Locally Presentable and Accessible Categories},
   year = {1994},
   publisher = {Cambridge University Press}}

@book{gr89,
 author = {J.-Y. Girard and P. Taylor and Y. Lafont},
 title = {{Proofs and Types}},
 year = {1989},
 publisher = {Cambridge University Press},
} 


@inproceedings{jp19,
  author = {P. Johann and A. Polonsky},
  title = {Higher-kinded Data Types: Syntax and Semantics},
  year = {2019},
  booktitle = {Logic in Computer Science},
  pages = {1-13},
  url       = {https://doi.org/10.1109/LICS.2019.8785657},
  doi       = {10.1109/LICS.2019.8785657}
}


@inproceedings{jp20,
  author = {P. Johann and A. Polonsky},
  title = {Deep Induction: Induction Rules for (Truly) Nested Types},
  year = {2020},
  booktitle = {Foundations of Software Science and Computation Structures}}
%  pages = {? - ??}
%  url       = {https://doi.org/10.1109/LICS.2019.8785657},
%  doi       = {10.1109/LICS.2019.8785657}


@article{mg01,
   author = {C. Martin and J. Gibbons},
   title = {On the semantics of nested datatypes},
   journal = {Information Processing Letters},
   year = {2001},
   volume = {80},
   number = {5},
   pages = {233-238}}

@inproceedings{bm98,
  author = {R. Bird and L. Meertens},
  title = {Nested datatypes},
  year = {1998},
  booktitle = {Mathematics of Program Construction},
  pages = {52-67}}

@ARTICLE{pit00,
AUTHOR = {A.M.\ Pitts},
TITLE  = {Parametric polymorphism and operational equivalence},
JOURNAL = {Mathematical Structures in Computer Science},
YEAR   = {2000},
PAGES  = {321-359},
VOLUME = {10}}

@ARTICLE{joh03,
AUTHOR = {P.\ Johann},
TITLE  = {Short cut fusion is correct},
JOURNAL = {Journal of Functional Programming},
YEAR   = {2003},
PAGES  = {797-814},
VOLUME = {13}}

@article{joh02,
AUTHOR = {P.\ Johann},
TITLE  = {A Generalization of Short-Cut Fusion and Its Correctness Proof},
journal = {Higher-Order and Symbolic Computation},
YEAR   = {2002},
PAGES  = {273-300},
VOLUME = {15}}

@INPROCEEDINGS{glp93,
AUTHOR  = {A.\ Gill and J.\ Launchbury and S.L.\ {Peyton Jones}},
TITLE   = {A short cut to deforestation},
BOOKTITLE = {Functional Programming Languages and Computer Architecture},
PAGES   = {223-232},
YEAR    = {1993}}

@article{rey83,
  author = {J. C. Reynolds},
  title = {Types, abstraction, and parametric polymorphism},
  journal = {Information Processing},
  volume = {83(1)},
  pages = {513-523},
  year = {1983}} 

@inproceedings{wad89,
   author = {P.\ Wadler},
   title = {Theorems for free!},
   BOOKTITLE = {Functional Programming Languages and Computer Architecture},  
   PAGES   = {347-359},
   YEAR    = {1989}}

@book{oka99,
  author = {C.\ Okasaki},
  title = {Purely Functional Data Structures},
  publisher = {Cambridge University Press},
  year = {1999}}


