@inproceedings{jp19,
  author = {P. Johann and A. Polonsky},
  title = {Higher-kinded Data Types: Syntax and Semantics},
  year = {2019},
  booktitle = {Logic in Computer Science},
  pages = {1-13},
  url       = {https://doi.org/10.1109/LICS.2019.8785657},
  doi       = {10.1109/LICS.2019.8785657}
}

@inproceedings{agj14,
  author = {R. Atkey and N. Ghani and P. Johann},
  title = {A Relationally Parametric Model of Dependent Type Theory},
  year = {2014},
  booktitle = {Principles of Programming Languages},
  pages = {503-516}
}

@Article{rey83,
  Title                    = {Types, Abstraction and Parametric Polymorphism},
  Author                   = {J. Reynolds},
  Journal                  = {Information Processing},
  Year                     = {1983},
  Number                   = {33}
}

@Article{bfss90,
  Title                    = {Functorial polymorphism},
  Author                   = {E. S. Bainbridge and P. J. Freyd and A. Scedrov and P. J. Scott}, 
  Journal                  = {Theoretical Computer Science},
  Year                     = {1990},
  Pages                    = {35-64},
  Volume                   = {70(1)},
}
