@inproceedings{jp19,
  author = {P. Johann and A. Polonsky},
  title = {Higher-kinded Data Types: Syntax and Semantics},
  year = {2019},
  booktitle = {Logic in Computer Science},
  pages = {1-13},
  url       = {https://doi.org/10.1109/LICS.2019.8785657},
  doi       = {10.1109/LICS.2019.8785657}
}


