
@inproceedings{sp04,
  title={Meta-programming with built-in type equality},
  author={Sheard, T. and Pasalic, E.},
  booktitle={Fourth International Workshop on Logical Frameworks and Meta-Languages},
  year={2004}
}

@inproceedings{xcc03,
  title={Guarded recursive datatype constructors},
  author={Xi, H. and Chen, C. and Chen, G.},
  booktitle={Proceedings of the 30th ACM SIGPLAN-SIGACT symposium on Principles of programming languages},
  pages={224--235},
  year={2003}
}

@TECHREPORT{ch03,
    author = {J. Cheney and R. Hinze},
    title = {First-class phantom types},
    institution = {Cornell University},
    year = {2003}
}

@inproceedings{jp20,
  author = {P. Johann and A. Polonsky},
  title = {Deep Induction: Induction Rules for (Truly) Nested Types},
  year = {2020},
  booktitle = {Foundations of Software Science and Computation Structures},
  pages = {339-358}
}

@inproceedings{jgj21,
  author = {P. Johann and E. Ghiorzi and D. Jeffries},
  title = {Parametricity for Primitive Nested Types},
  year = {2021},
  booktitle = {Foundations of Software Science and Computation Structures},
  pages = {324-343}
}

@inproceedings{bm98,
 title={Nested datatypes},
 author={R. Bird, and L. Meertens},
 booktitle={Mathematics of Program Construction},
 year={1998}
 pages = {52–67}
}

@Article{vw10,
author = {Vytiniotis, D. and Weirich, S.},
title = {Parametricity, type equality, and higher-order polymorphism},
year = {2010},
%month = {April},
%publisher = {Cambridge University Press},
%url ={https://www.microsoft.com/en-us/research/publication/parametricity-type-eq
%uality-and-higher-order-polymorphism/ [www.microsoft.com]},
journal = {Journal of Functional Programming}
}

@inproceedings{ms09,
 title={GADTs for the OCaml masses},
 author={Y. Mandelbaum and A. Stump},
 booktitle={Workshop on ML},
 year={2009}}

@Article{vw10,
author = {Vytiniotis, D. and Weirich, S.},
title = {Parametricity, type equality, and higher-order polymorphism},
year = {2010},
%month = {April},
%publisher = {Cambridge University Press},
%url ={https://www.microsoft.com/en-us/research/publication/parametricity-type-eq
%uality-and-higher-order-polymorphism/ [www.microsoft.com]},
journal = {Journal of Functional Programming}
}

@inproceedings{pl04,
  author = {E. Pasalic and N. Linger},
  title = {Meta-programming with typed object-language representations},
  year = {2004},
  booktitle = {Generic Programming and Component Engineering},
  pages = {136-167}
}  

@inproceedings{pvww06,
  author = {S. L. {P}eyton {J}ones and D. Vytiniotis and G. Washburn
                  and S. Weirich},
  title = {Simple unification-based type inference for GADTs},
  year = {2006},
  booktitle = {International Conference on Functional Programming},
  pages = {50-61}
}  

@inproceedings{pr06,
  author = {F. Pottier and Y. R{\'e}gis-Gianas},
  title = {Stratified type inference for generalized algebraic data types}, 
  year = {2006},
  booktitle = {Principles of Programming Languages},
  pages = {232-244}
}  

@misc{vw06,
author = {Vytiniotis, D. and Weirich, S.},
title = {Parametricity and GADTs},
year = {2006},
howpublished = {\url{https://www.cis.upenn.edu/~sweirich//talks/param-gadt.pdf}}}

@misc{pen20,
title = {Simpler and safer {API} design using {GADT}s},
author = {C. Penner},
howpublished = {\url{https://chrispenner.ca/posts/gadt-design}},
year = {2020}
}

@misc{min15,
title = {Why {GADT}s matter for performance},
author = {Y. Minsky},
howpublished = {\url{https://blog.janestreet.com/why-gadts-matter-for-performance/}}, 
year = {2015}
}

@inproceedings{owg08,
  title = "The visitor pattern as a reusable, generic, type-safe component",
  author = "B. {C. d. S.} Oliveira and M. Wang and J. Gibbons",
  year = "2008",
  booktitle = "Object-Oriented Programming: Systems, Languages, Applications",
  pages = "439-456"
}

@misc{gon21,
title = {The visitor pattern is essentially the same thing as Church encoding},
author = {G. Gonzalez},
howpublished = {\url{https://www.haskellforall.com/2021/01/the-visitor-pattern-is-essentially-same.html}},
year = {2021}
}

@misc{tfca,
title = {Transfinite Construction of Free Algebras},
author = {TFCA},
howpublished = {\url{http://ncatlab.org/nlab/show/transfinite+construction+of+free+algebras}},
year = {2019}
}

@inproceedings{atk12,
  author = {R. Atkey},
  title = {Relational parametricity for higher kinds},
  year = {2012},
  booktitle = {Computer Science Logic},
  pages = {46-61}}


@article{blw03,
  author = {M. R. Bush and M. Leeming and R. F. C. Walters},
  title = {Computing left {K}an extensions},
  journal = {Journal of Symbolic Computation},
  volume = {35},
  year = {2003},
  pages = {107-126}}

@book{rie16,
  author = {E. Riehl},
  title = {Category Theory in Context},
  year = {2016},
  publisher = {Dover}}


@book{mac71,
  author = {S. MacLane},
  title = {Categories for the Working Mathematician},
  year = {1971},
  publisher = {Springer-Verlag}}

@article{bfss90,
  author = {E. S. Bainbridge and P. J. Freyd and A. Scedrov and P. J. Scott},
  title = {Functorial polymorphism},
  journal = {Theoretical Computer Science},
  volume = {70},
  year = {1990},
  pages = {35-64}}

@inproceedings{jp19,
  author = {P. Johann and A. Polonsky},
  title = {Higher-kinded data types: Syntax and semantics},
  year = {2019},
  booktitle = {Logic in Computer Science},
  pages = {1-13}
%  url       = {https://doi.org/10.1109/LICS.2019.8785657},
%  doi       = {10.1109/LICS.2019.8785657}
}

@phdthesis{gir72,
   author = {J.-Y. Girard},
   title = {Interpr\'etation fonctionnelle et \'elimination des coupures de l'arithmétique d'ordre sup\'erieur},
   school = {University of Paris},
   year = {1972}
}   

@article{rey83,
  author = {J. C. Reynolds},
  title = {Types, abstraction, and parametric polymorphism},
  journal = {Information Processing},
  volume = {83(1)},
  pages = {513-523},
  year = {1983}} 

@inproceedings{wad89,
   author = {P.\ Wadler},
   title = {Theorems for free!},
   BOOKTITLE = {Functional Programming Languages and Computer Architecture},  
   PAGES   = {347-359},
   YEAR    = {1989}}

@INPROCEEDINGS{glp93,
AUTHOR  = {A.\ Gill and J.\ Launchbury and S.L.\ {Peyton Jones}},
TITLE   = {A short cut to deforestation},
BOOKTITLE = {Functional Programming Languages and Computer Architecture},
PAGES   = {223-232},
YEAR    = {1993}}

@inproceedings{jgj21,
  author = {P. Johann and E. Ghiorzi and D. Jeffries},
  title = {Free theorems for nested types},
  booktitle = {Foundations of Software Science and Computation Structures},
  year = {2021}}

@ARTICLE{joh03,
AUTHOR = {P.\ Johann},
TITLE  = {Short cut fusion is correct},
JOURNAL = {Journal of Functional Programming},
YEAR   = {2003},
PAGES  = {797-814},
VOLUME = {13}}

@article{joh02,
AUTHOR = {P.\ Johann},
TITLE  = {A generalization of short-cut fusion and its correctness proof},
journal = {Higher-Order and Symbolic Computation},
YEAR   = {2002},
PAGES  = {273-300},
VOLUME = {15}}

@unpublished{pit98,
  author = {A. Pitts},
  title = {Parametric polymorphism, recursive types, and operational equivalence},
 year = {1998}}

@article{pit00,
  author = {A. Pitts},
  title = {Parametric polymorphism and operational equivalence},
  year = {2000},
  journal = {Mathematical Structures in Computer Science},
  volume = {10},
  pages = {1-39}}
